@TECHREPORT{volk,
	author = {Lars Volker},
	title = {Route Planning in Road Networks with Turn Costs},
	year = {2008},
	month = {7}
}
